@article{tiedemann2011bitext,
  title={Bitext alignment},
  author={Tiedemann, J{\"o}rg},
  journal={Synthesis Lectures on Human Language Technologies},
  volume={4},
  number={2},
  pages={1--165},
  year={2011},
  publisher={Morgan \& Claypool Publishers}
}

@inproceedings{smith2010extracting,
  title={Extracting parallel sentences from comparable corpora using document level alignment},
  author={Smith, Jason R and Quirk, Chris and Toutanova, Kristina},
  booktitle={Human Language Technologies: The 2010 Annual Conference of the North American Chapter of the Association for Computational Linguistics},
  pages={403--411},
  year={2010},
  organization={Association for Computational Linguistics}
}

@article{resnik2010,
  title={Evaluation of NLP Systems},
  author={Resnik, Philip and Lin, Jimmy},
  journal={The handbook of computational linguistics and natural language processing},
  volume={57},
  pages={271--295},
  year={2010}
}

@inproceedings{tiedemann2009news,
  title={News from OPUS-A collection of multilingual parallel corpora with tools and interfaces},
  author={Tiedemann, J{\"o}rg},
  booktitle={Recent Advances in Natural Language Processing},
  volume={5},
  pages={237--248},
  year={2009}
}

@article{artstein2008inter,
  title={Inter-coder agreement for computational linguistics},
  author={Artstein, Ron and Poesio, Massimo},
  journal={Computational Linguistics},
  volume={34},
  number={4},
  pages={555--596},
  year={2008},
  publisher={MIT Press}
}

@inproceedings{koehn2005europarl,
  title={Europarl: A parallel corpus for statistical machine translation},
  author={Koehn, Philipp},
  booktitle={MT summit},
  volume={5},
  year={2005}
}

@article{dejean2002nouvelle,
  title={Une nouvelle approchea lâ€™extraction de lexiques bilinguesa partir de corpus comparables},
  author={D{\'e}jean, Herv{\'e} and Gaussier, Eric},
  journal={Lexicometrica, Alignement lexical dans les corpus multilingues},
  pages={1--22},
  year={2002}
}

@inproceedings{rapp1999automatic,
  title={Automatic identification of word translations from unrelated English and German corpora},
  author={Rapp, Reinhard},
  booktitle={Proceedings of the 37th annual meeting of the Association for Computational Linguistics on Computational Linguistics},
  pages={519--526},
  year={1999},
  organization={Association for Computational Linguistics}
}